<?xml version="1.0" encoding="UTF-8"?>
<collection xmlns:xsi="http://www.w3.org/2001/XMLSchema-instance" xsi:schemaLocation="http://www.loc.gov/MARC21/slim http://www.loc.gov/standards/marcxml/schema/MARC21slim.xsd" xmlns="http://www.loc.gov/MARC21/slim">
<record>
  <leader>00716cam a22002051  4500</leader>
  <controlfield tag="001">2986155</controlfield>
  <controlfield tag="003">NNC</controlfield>
  <controlfield tag="005">20160118123325.0</controlfield>
  <controlfield tag="008">010227m19101911ua            000 0 ara d</controlfield>
  <datafield tag="035" ind1=" " ind2=" ">
    <subfield code="a">(OCoLC)ocm46331784</subfield>
  </datafield>
  <datafield tag="035" ind1=" " ind2=" ">
    <subfield code="9">ASN3440CU</subfield>
  </datafield>
  <datafield tag="035" ind1=" " ind2=" ">
    <subfield code="a">(NNC)2986155</subfield>
  </datafield>
  <datafield tag="040" ind1=" " ind2=" ">
    <subfield code="a">ZCU</subfield>
    <subfield code="c">ZCU</subfield>
  </datafield>
  <datafield tag="090" ind1=" " ind2=" ">
    <subfield code="a">PJ7828.M8</subfield>
    <subfield code="b">A38</subfield>
  </datafield>
  <datafield tag="100" ind1="1" ind2=" ">
    <subfield code="a">Ḥammād, Ṣāliḥ Ḥamdī.</subfield>
  </datafield>
  <datafield tag="245" ind1="1" ind2="0">
    <subfield code="a">Aḥsan al-qiṣaṣ.</subfield>
    <subfield code="c">Taʾlīf Ṣāliḥ Ḥamdī Ḥammād.</subfield>
  </datafield>
  <datafield tag="260" ind1=" " ind2=" ">
    <subfield code="a">al-Qāhirah,</subfield>
    <subfield code="b">Maṭbaʻat Madrasat Wālidat ʻAbbās al-Awwol,</subfield>
    <subfield code="c">1328-29 h., 1910-11 m.</subfield>
  </datafield>
  <datafield tag="300" ind1=" " ind2=" ">
    <subfield code="a">3 v. in 1.</subfield>
    <subfield code="c">24 cm.</subfield>
  </datafield>
  <datafield tag="505" ind1="0" ind2=" ">
    <subfield code="a">1. Riwāyat al-Amīrah Yarāʻah -- 2. Riwāyat Ibnatī Sanīah -- 3. Riwāyat Bayna ʻĀshiqain.</subfield>
  </datafield>
  <datafield tag="955" ind1=" " ind2=" ">
    <subfield code="b">0036761613</subfield>
    <subfield code="d">glx</subfield>
    <subfield code="e">PJ7828.M8 A38</subfield>
  </datafield>
</record>
</collection>